<?xml version="1.0" encoding="UTF-8"?><collection xmlns="http://www.loc.gov/MARC21/slim"><record><leader>00368nam--2200133-i-4500</leader><controlfield tag="001">000029380</controlfield><controlfield tag="002">20161230</controlfield><controlfield tag="005">20161230201037</controlfield><controlfield tag="008">060222s1000------------r-----000-0-eng-d</controlfield><datafield ind1=" " ind2=" " tag="080"><subfield code="a">621.375.826</subfield></datafield><datafield ind1=" " ind2=" " tag="245"><subfield code="a">Laser and electron beam processing of materials</subfield></datafield><datafield ind1=" " ind2=" " tag="260"><subfield code="a">New York, Academic Press, 1980, Xviii + 769p</subfield></datafield><datafield ind1=" " ind2=" " tag="700"><subfield code="a">White, C.W. And Peercy, P.S</subfield></datafield><datafield ind1=" " ind2=" " tag="852"><subfield code="a">49013</subfield></datafield></record></collection>